<record><leader>00000cas a2200000Ma 4500</leader><controlfield tag="001">824623522</controlfield><controlfield tag="007">hd afu---buuu</controlfield><controlfield tag="008">090320d18uu1904kyuwr nea     0    0eng d</controlfield><controlfield tag="009">12951</controlfield><datafield ind1=" " ind2=" " tag="010"><subfield code="a">sn 87060290 </subfield></datafield><datafield ind1=" " ind2=" " tag="040"><subfield code="a">KL3</subfield><subfield code="c">KL3</subfield></datafield><datafield ind1="0" ind2=" " tag="130"><subfield code="a">New Era (La Grange, Ky.)</subfield></datafield><datafield ind1="0" ind2="4" tag="245"><subfield code="a">The new era</subfield><subfield code="h">[microform (microfilm)] :</subfield><subfield code="b">newspaper.</subfield></datafield><datafield ind1=" " ind2=" " tag="260"><subfield code="a">LaGrange, Ky. :</subfield><subfield code="b">Bushrod Rowlett.</subfield></datafield><datafield ind1=" " ind2=" " tag="300"><subfield code="a">2 film reels :</subfield><subfield code="b">ill.</subfield></datafield><datafield ind1=" " ind2=" " tag="310"><subfield code="a">Weekly</subfield></datafield><datafield ind1="1" ind2=" " tag="362"><subfield code="a">Began in 18??</subfield></datafield><datafield ind1=" " ind2=" " tag="500"><subfield code="a">Precursor to The Oldham Era.</subfield></datafield><datafield ind1=" " ind2="4" tag="651"><subfield code="a">La Grange (Ky.)</subfield><subfield code="v">Newspapers.</subfield></datafield><datafield ind1=" " ind2="4" tag="651"><subfield code="a">Oldham County (Ky.)</subfield><subfield code="v">Newspapers.</subfield></datafield><datafield ind1=" " ind2=" " tag="752"><subfield code="a">United States</subfield><subfield code="b">Kentucky</subfield><subfield code="c">Oldham</subfield><subfield code="d">La Grange.</subfield></datafield><datafield ind1=" " ind2=" " tag="752"><subfield code="a">United States</subfield><subfield code="b">Kentucky</subfield><subfield code="c">Oldham</subfield><subfield code="d">LaGrange.</subfield></datafield><datafield ind1="0" ind2="0" tag="780"><subfield code="t">Oldham era (LaGrange, Ky. :1876)</subfield><subfield code="w">(DLC)sn 54037903</subfield></datafield><datafield ind1="0" ind2="0" tag="785"><subfield code="t">Oldham County era (La Grange, Ky.)</subfield><subfield code="w">(DLC)sn 87060291</subfield></datafield></record>